%YAML 1.1
%TAG !u! tag:unity3d.com,2011:
--- !u!1001 &100100000
Prefab:
  m_ObjectHideFlags: 1
  serializedVersion: 2
  m_Modification:
    m_TransformParent: {fileID: 0}
    m_Modifications: []
    m_RemovedComponents: []
  m_ParentPrefab: {fileID: 0}
  m_RootGameObject: {fileID: 1115664316249442}
  m_IsPrefabParent: 1
--- !u!1 &1115664316249442
GameObject:
  m_ObjectHideFlags: 0
  m_PrefabParentObject: {fileID: 0}
  m_PrefabInternal: {fileID: 100100000}
  serializedVersion: 5
  m_Component:
  - component: {fileID: 4572960569902038}
  - component: {fileID: 114682473554578784}
  - component: {fileID: 114226914522593536}
  m_Layer: 0
  m_Name: Scripts
  m_TagString: Untagged
  m_Icon: {fileID: 0}
  m_NavMeshLayer: 0
  m_StaticEditorFlags: 0
  m_IsActive: 1
--- !u!1 &1572578904907426
GameObject:
  m_ObjectHideFlags: 0
  m_PrefabParentObject: {fileID: 0}
  m_PrefabInternal: {fileID: 100100000}
  serializedVersion: 5
  m_Component:
  - component: {fileID: 4832330957525958}
  - component: {fileID: 114530232127857356}
  m_Layer: 0
  m_Name: Input
  m_TagString: Untagged
  m_Icon: {fileID: 0}
  m_NavMeshLayer: 0
  m_StaticEditorFlags: 0
  m_IsActive: 1
--- !u!4 &4572960569902038
Transform:
  m_ObjectHideFlags: 1
  m_PrefabParentObject: {fileID: 0}
  m_PrefabInternal: {fileID: 100100000}
  m_GameObject: {fileID: 1115664316249442}
  m_LocalRotation: {x: 0, y: 0, z: 0, w: 1}
  m_LocalPosition: {x: 0, y: 0, z: 0}
  m_LocalScale: {x: 1, y: 1, z: 1}
  m_Children:
  - {fileID: 4832330957525958}
  m_Father: {fileID: 0}
  m_RootOrder: 0
  m_LocalEulerAnglesHint: {x: 0, y: 0, z: 0}
--- !u!4 &4832330957525958
Transform:
  m_ObjectHideFlags: 1
  m_PrefabParentObject: {fileID: 0}
  m_PrefabInternal: {fileID: 100100000}
  m_GameObject: {fileID: 1572578904907426}
  m_LocalRotation: {x: 0, y: 0, z: 0, w: 1}
  m_LocalPosition: {x: 0, y: 0, z: 0}
  m_LocalScale: {x: 1, y: 1, z: 1}
  m_Children: []
  m_Father: {fileID: 4572960569902038}
  m_RootOrder: 0
  m_LocalEulerAnglesHint: {x: 0, y: 0, z: 0}
--- !u!114 &114226914522593536
MonoBehaviour:
  m_ObjectHideFlags: 1
  m_PrefabParentObject: {fileID: 0}
  m_PrefabInternal: {fileID: 100100000}
  m_GameObject: {fileID: 1115664316249442}
  m_Enabled: 1
  m_EditorHideFlags: 0
  m_Script: {fileID: 11500000, guid: bf241dc0e5642bc4ca1fbd10c6689916, type: 3}
  m_Name: 
  m_EditorClassIdentifier: 
--- !u!114 &114530232127857356
MonoBehaviour:
  m_ObjectHideFlags: 1
  m_PrefabParentObject: {fileID: 0}
  m_PrefabInternal: {fileID: 100100000}
  m_GameObject: {fileID: 1572578904907426}
  m_Enabled: 1
  m_EditorHideFlags: 0
  m_Script: {fileID: 11500000, guid: eadde9ce0c7e88c4f93f7ba66ee14fab, type: 3}
  m_Name: 
  m_EditorClassIdentifier: 
  _IsEnabled: 1
  _IsXboxControllerEnabled: 0
  _ViewActivator: 0
  _ViewSensativity: 1
  DefaultActionAliases:
  - Name: Menu_up
    Description: 
    IsDoublePress: 0
    PrimaryID: 171
    SupportID: -1
  - Name: Menu_up
    Description: 
    IsDoublePress: 0
    PrimaryID: 74
    SupportID: -1
  - Name: Menu_down
    Description: 
    IsDoublePress: 0
    PrimaryID: 171
    SupportID: -1
  - Name: Menu_down
    Description: 
    IsDoublePress: 0
    PrimaryID: 75
    SupportID: -1
  - Name: Menu_next
    Description: 
    IsDoublePress: 0
    PrimaryID: 178
    SupportID: -1
  - Name: Menu_next
    Description: 
    IsDoublePress: 0
    PrimaryID: 13
    SupportID: -1
  - Name: Menu_prev
    Description: 
    IsDoublePress: 0
    PrimaryID: 179
    SupportID: -1
  - Name: Menu_prev
    Description: 
    IsDoublePress: 0
    PrimaryID: 27
    SupportID: -1
  - Name: Fire3
    Description: 
    IsDoublePress: 0
    PrimaryID: 0
    SupportID: -1
  - Name: Fire3
    Description: 
    IsDoublePress: 0
    PrimaryID: 177
    SupportID: -1
  - Name: Pause
    Description: 
    IsDoublePress: 0
    PrimaryID: 183
    SupportID: -1
  - Name: Pause
    Description: 
    IsDoublePress: 0
    PrimaryID: 27
    SupportID: -1
  EditorActionAliasIndex: 8
--- !u!114 &114682473554578784
MonoBehaviour:
  m_ObjectHideFlags: 1
  m_PrefabParentObject: {fileID: 0}
  m_PrefabInternal: {fileID: 100100000}
  m_GameObject: {fileID: 1115664316249442}
  m_Enabled: 1
  m_EditorHideFlags: 0
  m_Script: {fileID: 11500000, guid: e9ec82afc728c204fbad096331ea7af3, type: 3}
  m_Name: 
  m_EditorClassIdentifier: 
  aspect_ratio: 0
  level_to_start: 1
  active_level: 1
  player_spawn_points: {fileID: 11400000, guid: 9509c2d207f938940ac0a8a190f4f562,
    type: 2}
  input_prefab: {fileID: 1572578904907426}
  global_size: 10000
  craters_density: 4
  craters_radius: 15
  craters_depth: 5
  craters_filename: /craters
  health: 10
  max_health: 10
